@book{was2016,
  title={Fundamentals of Radiation Materials Science: Metals and Alloys},
  author={WAS, G.S.},
  isbn={9781493934386},
  url={https://books.google.com/books?id=yDGmDAAAQBAJ},
  year={2016},
  publisher={Springer New York}
}

@article{walgraef1996,
  title = {Theory and numerical simulations of defect ordering in irradiated materials},
  author = {Walgraef, D. and Lauzeral, J. and Ghoniem, N. M.},
  journal = {Phys. Rev. B},
  volume = {53},
  issue = {22},
  pages = {14782--14794},
  numpages = {0},
  year = {1996},
  month = {Jun},
  publisher = {American Physical Society},
  doi = {10.1103/PhysRevB.53.14782},
  url = {https://link.aps.org/doi/10.1103/PhysRevB.53.14782}
}

@article{heald1977,
title = "Irradiation creep due to dislocation climb and glide",
journal = "Journal of Nuclear Materials",
volume = "67",
number = "1",
pages = "229 - 233",
year = "1977",
issn = "0022-3115",
doi = "https://doi.org/10.1016/0022-3115(77)90177-5",
url = "http://www.sciencedirect.com/science/article/pii/0022311577901775",
author = "P.T. Heald and J.E. Harbottle",
}
